<?xml version="1.0" encoding="UTF-8"?><record xmlns="http://www.loc.gov/MARC21/slim" xmlns:cinclude="http://apache.org/cocoon/include/1.0" xmlns:zs="http://www.loc.gov/zing/srw/">
  <leader>00694nz  a2200157n  4500</leader>
  <controlfield tag="001">no2008166218</controlfield>
  <controlfield tag="003">DLC</controlfield>
  <controlfield tag="005">20081113080814.0</controlfield>
  <controlfield tag="008">081111n| acannaabn          |b aaa     c</controlfield>
  <datafield tag="010" ind1=" " ind2=" ">
    <subfield code="a">no2008166218</subfield>
  </datafield>
  <datafield tag="035" ind1=" " ind2=" ">
    <subfield code="a">(OCoLC)oca07932845</subfield>
  </datafield>
  <datafield tag="040" ind1=" " ind2=" ">
    <subfield code="a">HkUST</subfield>
    <subfield code="b">eng</subfield>
    <subfield code="c">HkUST</subfield>
  </datafield>
  <datafield tag="100" ind1="1" ind2=" ">
    <subfield code="a">Fang, Yan,</subfield>
    <subfield code="d">1969-</subfield>
  </datafield>
  <datafield tag="400" ind1="1" ind2=" ">
    <subfield code="a">方燕,</subfield>
    <subfield code="d">1969-</subfield>
  </datafield>
  <datafield tag="667" ind1=" " ind2=" ">
    <subfield code="a">Non-Latin script reference not evaluated.</subfield>
  </datafield>
  <datafield tag="670" ind1=" " ind2=" ">
    <subfield code="a">Wu wen hua shi yu xia de Song dai nü xing, 2008:</subfield>
    <subfield code="b">t.p. (方燕 = Fan Yan) front flap (b. 1969; native of Sichuan Sheng Nanchong Shi Yuechi Xian; Ph.D. in history, Sichuan da xue li shi wen hua xue yuan Zhongguo gu dai shi zhuan ye; assoc. prof., Sichuan shi fan da xue li shi wen hua yu lü you xue yuan)</subfield>
  </datafield>
</record>